@article{Carlin2019ac,
  title = {Autocorrelations in pulsar glitch waiting times and sizes},
  author = {Carlin, J B and Melatos, A},
  year = {2019},
  month = oct,
  journal = {Monthly Notices of the Royal Astronomical Society},
  volume = {488},
  number = {4},
  pages = {4890--4896},
  issn = {0035-8711, 1365-2966},
  doi = {10.1093/mnras/stz2014},
  langid = {english}
}

@article{Carlin2019clust,
  title = {Temporal clustering of rotational glitches in the {{Crab}} pulsar},
  author = {Carlin, J B and Melatos, A and Vukcevic, D},
  year = {2019},
  month = jan,
  journal = {Monthly Notices of the Royal Astronomical Society},
  volume = {482},
  number = {3},
  pages = {3736--3743},
  issn = {0035-8711, 1365-2966},
  doi = {10.1093/mnras/sty2865},
  copyright = {All rights reserved},
  langid = {english}
}

@article{Carlin2019quasi,
  title = {Generating quasi-periodic pulsar glitches using a state-dependent {{Poisson}} process},
  author = {Carlin, J B and Melatos, A},
  year = {2019},
  month = mar,
  journal = {Monthly Notices of the Royal Astronomical Society},
  volume = {483},
  number = {4},
  pages = {4742--4750},
  issn = {0035-8711, 1365-2966},
  doi = {10.1093/mnras/sty3433},
  copyright = {All rights reserved},
  langid = {english}
}

@article{Carlin2020bsa,
  title = {Long-term statistics of pulsar glitches triggered by a {{Brownian}} stress accumulation process},
  author = {Carlin, J. B. and Melatos, A.},
  year = {2020},
  month = may,
  journal = {Monthly Notices of the Royal Astronomical Society},
  volume = {494},
  number = {3},
  pages = {3383--3391},
  publisher = {{Oxford Academic}},
  issn = {0035-8711},
  doi = {10.1093/mnras/staa935},
  langid = {english}
}

@article{Carlin2021endog,
  title = {Long-term {{Statistics}} of {{Pulsar Glitches Due}} to {{History-dependent Avalanches}}},
  author = {Carlin, Julian B. and Melatos, Andrew},
  year = {2021},
  month = aug,
  journal = {The Astrophysical Journal},
  volume = {917},
  number = {1},
  pages = {1},
  publisher = {{American Astronomical Society}},
  issn = {0004-637X},
  doi = {10.3847/1538-4357/ac06a2},
  langid = {english}
}

@article{o3amxp,
  title = {Search for continuous gravitational waves from 20 accreting millisecond x-ray pulsars in {{O3 LIGO}} data},
  year = {2022},
  month = jan,
  journal = {Physical Review D},
  volume = {105},
  number = {2},
  pages = {022002},
  publisher = {{American Physical Society}},
  doi = {10.1103/PhysRevD.105.022002},
  langid = {english},
  shortauthor = {LVK},
  author = {{LIGO Scientific Collaboration} and others}
}
